@Book{IaaS,
  title     = {IaaS, PaaS, CaaS, SaaS – ¿Qué significan estos conceptos de Cloud Computing?},
  publisher = {[En línea] Redezone.net},
  year      = {2016. (Recuperado 7 abril 2018). Disponiblen en https://www.redeszone.net/2016/07/17/iaas-paas-caas-saas-significan-estos-conceptos-cloud-computing/},
  author    = {Rubén Velazco},
  location  = {},
}
@book{A01,
	author = {Author, A.},
	year = {2001},
	title = {Alpha},
}

